@Book{knuth:84,
  author = 	 {Donald E. Knuth},
  title = 	 {The {\TeX} Book},
  publisher = 	 {Addison-Wesley},
  year = 	 {1984},
  edition = 	 {15th}
}

@InCollection{boulic:91,
  author = 	 {R. Boulic and O. Renault},
  title = 	 {3D Hierarchies for Animation},
  booktitle = 	 {New Trends in Animation and Visualization},
  publisher =    {John Wiley {\&} Sons ltd.},
  year = 	 {1991},
  editor = 	 {Nadia Magnenat-Thalmann and Daniel Thalmann}
}

@InCollection{smith:99,
  author = 	 {A. Smith and B. Jones},
  title = 	 {On the Complexity of Computing},
  booktitle = 	 {Advances in Computer Science},
  pages = 	 {555--566},
  publisher =    {Publishing Press},
  year = 	 {1999},
  editor = 	 {A. B. Smith-Jones}
}

@article{boykov2006graph,
	title={Graph cuts and efficient N-D image segmentation},
	author={Boykov, Yuri and Funka-Lea, Gareth},
	journal={International Journal of Computer Vision},
	volume={70},
	number={2},
	pages={109--131},
	year={2006},
	publisher={Springer}
}

@article{felzenszwalb2004efficient,
	title={Efficient graph-based image segmentation},
	author={Felzenszwalb, Pedro F and Huttenlocher, Daniel P},
	journal={International Journal of Computer Vision},
	volume={59},
	number={2},
	pages={167--181},
	year={2004},
	publisher={Springer}
}